<record><leader>00000cas a22000007a 4500</leader><controlfield tag="001">23107134</controlfield><controlfield tag="008">910215d18821884nyudr ne      0    0eng d</controlfield><datafield ind1=" " ind2=" " tag="010"><subfield code="a">sn 91066114 </subfield></datafield><datafield ind1=" " ind2=" " tag="040"><subfield code="a">NYG</subfield><subfield code="b">eng</subfield><subfield code="c">NYG</subfield><subfield code="d">NYS</subfield><subfield code="d">OCLCQ</subfield></datafield><datafield ind1=" " ind2=" " tag="042"><subfield code="a">msc</subfield></datafield><datafield ind1="0" ind2="0" tag="245"><subfield code="a">Latest morning news.</subfield></datafield><datafield ind1="3" ind2="0" tag="246"><subfield code="a">Latest news</subfield></datafield><datafield ind1=" " ind2=" " tag="260"><subfield code="a">Binghamton, N.Y. :</subfield><subfield code="b">Wales &amp; Mantz</subfield></datafield><datafield ind1=" " ind2=" " tag="300"><subfield code="a">v. ;</subfield><subfield code="c">61 cm.</subfield></datafield><datafield ind1=" " ind2=" " tag="310"><subfield code="a">Daily</subfield></datafield><datafield ind1="1" ind2=" " tag="362"><subfield code="a">Began with Mar. 16, 1882 issue? Ceased with Mar. 5, 1884 issue?</subfield></datafield><datafield ind1=" " ind2=" " tag="500"><subfield code="a">"Morning" appears in masthead ornament, &lt;July 13, 1882&gt;.</subfield></datafield><datafield ind1=" " ind2=" " tag="588"><subfield code="a">Description based on: No. 93 (July 1, 1882).</subfield></datafield><datafield ind1=" " ind2="4" tag="651"><subfield code="a">Binghamton (N.Y.)</subfield><subfield code="v">Newspapers.</subfield></datafield><datafield ind1=" " ind2=" " tag="752"><subfield code="a">United States</subfield><subfield code="b">New York</subfield><subfield code="c">Broome</subfield><subfield code="d">Binghamton.</subfield></datafield><datafield ind1="1" ind2=" " tag="029"><subfield code="a">AU@</subfield><subfield code="b">000025903312</subfield></datafield></record>